@article{alg:abc,
  title={A powerful and efficient algorithm for numerical function optimization: artificial bee colony (ABC) algorithm},
  author={Karaboga, Dervis and Basturk, Bahriye},
  journal={Journal of global optimization},
  volume={39},
  pages={459--471},
  year={2007},
  publisher={Springer}
}

@article{alg:aco,
  title={ACO algorithms for the traveling salesman problem},
  author={St{\"u}tzle, Thomas and Dorigo, Marco and others},
  journal={Evolutionary algorithms in engineering and computer science},
  volume={4},
  pages={163--183},
  year={1999}
}

@article{alg:rdg,
  title={A recursive decomposition method for large scale continuous optimization},
  author={Sun, Yuan and Kirley, Michael and Halgamuge, Saman K},
  journal={IEEE Transactions on Evolutionary Computation},
  volume={22},
  number={5},
  pages={647--661},
  year={2017},
  publisher={IEEE}
}

@inproceedings{alg:rdg2,
  title={Adaptive threshold parameter estimation with recursive differential grouping for problem decomposition},
  author={Sun, Yuan and Omidvar, Mohammad Nabi and Kirley, Michael and Li, Xiaodong},
  booktitle={Proceedings of the genetic and evolutionary computation conference},
  pages={889--896},
  year={2018}
}

@inproceedings{alg:rdg3,
  title={Decomposition for large-scale optimization problems with overlapping components},
  author={Sun, Yuan and Li, Xiaodong and Ernst, Andreas and Omidvar, Mohammad Nabi},
  booktitle={2019 IEEE congress on evolutionary computation (CEC)},
  pages={326--333},
  year={2019},
  organization={IEEE}
}

@article{alg:dg,
  title={Cooperative co-evolution with differential grouping for large scale optimization},
  author={Omidvar, Mohammad Nabi and Li, Xiaodong and Mei, Yi and Yao, Xin},
  journal={IEEE Transactions on evolutionary computation},
  volume={18},
  number={3},
  pages={378--393},
  year={2013},
  publisher={IEEE}
}

@article{alg:ddg,
  title={Dual differential grouping: A more general decomposition method for large-scale optimization},
  author={Li, Jian-Yu and Zhan, Zhi-Hui and Tan, Kay Chen and Zhang, Jun},
  journal={IEEE Transactions on Cybernetics},
  year={2022},
  publisher={IEEE}
}

@article{alg:dg2,
  title={DG2: A faster and more accurate differential grouping for large-scale black-box optimization},
  author={Omidvar, Mohammad Nabi and Yang, Ming and Mei, Yi and Li, Xiaodong and Yao, Xin},
  journal={IEEE Transactions on Evolutionary Computation},
  volume={21},
  number={6},
  pages={929--942},
  year={2017},
  publisher={IEEE}
}

@article{alg:fii,
  title={Cooperation coevolution with fast interdependency identification for large scale optimization},
  author={Hu, Xiao-Min and He, Fei-Long and Chen, Wei-Neng and Zhang, Jun},
  journal={Information Sciences},
  volume={381},
  pages={142--160},
  year={2017},
  publisher={Elsevier}
}

@article{alg:edg,
  title={An Efficient Differential Grouping Algorithm for Large-Scale Global Optimization},
  author={Kumar, Abhishek and Das, Swagatam and Mallipeddi, Rammohan},
  journal={IEEE Transactions on Evolutionary Computation},
  year={2022},
  publisher={IEEE}
}

@inproceedings{alg:xdg,
  title={Extended differential grouping for large scale global optimization with direct and indirect variable interactions},
  author={Sun, Yuan and Kirley, Michael and Halgamuge, Saman Kumara},
  booktitle={Proceedings of the 2015 annual conference on genetic and evolutionary computation},
  pages={313--320},
  year={2015}
}

@article{alg:gdg,
  title={A competitive divide-and-conquer algorithm for unconstrained large-scale black-box optimization},
  author={Mei, Yi and Omidvar, Mohammad Nabi and Li, Xiaodong and Yao, Xin},
  journal={ACM Transactions on Mathematical Software (TOMS)},
  volume={42},
  number={2},
  pages={1--24},
  year={2016},
  publisher={ACM New York, NY, USA}
}

@article{bech:cec2013lsgo,
  title={Benchmark functions for the CEC 2013 special session and competition on large-scale global optimization},
  author={Li, Xiaodong and Tang, Ke and Omidvar, Mohammad N and Yang, Zhenyu and Qin, Kai and China, Hefei},
  journal={gene},
  volume={7},
  number={33},
  pages={8},
  year={2013}
}

@article{9627116,
  author={Omidvar, Mohammad Nabi and Li, Xiaodong and Yao, Xin},
  journal={IEEE Transactions on Evolutionary Computation}, 
  title={A Review of Population-Based Metaheuristics for Large-Scale Black-Box Global Optimizationâ€”Part I}, 
  year={2022},
  volume={26},
  number={5},
  pages={802-822},
  doi={10.1109/TEVC.2021.3130838}
}

@inproceedings{alg:pso,
    author = {Kennedy, James and Eberhart, Russell},
    year = {1995},
    month = {12},
    pages = {1942 - 1948 vol.4},
    title = {Particle swarm Optimization},
    volume = {4},
    isbn = {0-7803-2768-3},
    journal = {Proceedings of IEEE International Conference on Neural Networks},
    booktitle = {Proceedings of IEEE International Conference on Neural Networks},
    doi = {10.1109/ICNN.1995.488968}
}

@article{alg:cpso,
    title={Center particle swarm optimization},
    author={Liu, Yu and Qin, Zheng and Shi, Zhewen and Lu, Jiang},
    journal={Neurocomputing},
    volume={70},
    number={4-6},
    pages={672--679},
    year={2007},
    publisher={Elsevier}
},

@article{alg:mcupso,
    title = {Unified particle swarm delivers high efficiency to particle swarm optimization},
    journal = {Applied Soft Computing},
    volume = {55},
    pages = {371 -- 383},
    year = {2017},
    issn = {1568-4946},
    doi = {https://doi.org/10.1016/j.asoc.2017.02.008},
    url = {http://www.sciencedirect.com/science/article/pii/S1568494617300765},
    author = {Hsing-Chih Tsai},
    keywords = {Particle swarm optimization, Unified particle swarm, Parameter selection},
    abstract = {This paper suggests integrating a unification factor into particle swarm optimization (PSO) to balance the effects of cognitive and social terms. The resultant unified particle swarm (UPS) moves particles toward the center of its personal best and the global best. This improves on PSO, which moves particles far beyond the center. Widely used benchmark functions and four types of experiments demonstrate that the proposed UPS uses slightly more computational time than PSO to attain significantly higher efficiency and, usually, better solution effectiveness and consistency than PSO. Robust performance was further demonstrated by the significantly higher efficiency and better solution effectiveness and stability achieved by the UPS, as compared to the PSO and its variants. Outstandingly, convergence speeds for the proposed UPS were very good on the 13 benchmark functions examined in experiment 1, demonstrating the correct movement of UPS particles toward convergence.}
},

@article{alg:clpso,
    author={J. J. {Liang} and A. K. {Qin} and P. N. {Suganthan} and S. {Baskar}},
    journal={IEEE Transactions on Evolutionary Computation},
    title={Comprehensive learning particle swarm optimizer for global optimization of multimodal functions},
    year={2006},
    volume={10},
    number={3},
    pages={281-295},
    keywords={learning (artificial intelligence);particle swarm optimisation;comprehensive learning particle swarm optimizer;global optimization;multimodal functions;particle historical best information;particle velocity;premature convergence;Rosenbrock multimodal test function;Griewank multimodal test function;Rastrigin multimodal test function;Ackley multimodal test function;Schwefel multimodal test function;composition functions;coordinate rotation;multimodal problems;Particle swarm optimization;Space technology;Acceleration;Convergence;Benchmark testing;Evolutionary computation;Genetic mutations;Insects;Animals;Birds;Composition benchmark functions;comprehensive learning particle swarm optimizer (CLPSO);global numerical optimization;particle swarm optimizer (PSO)},
    doi={10.1109/TEVC.2005.857610},
    ISSN={1089-778X}
},

@incollection{alg:ovcpso,
    title={Opposition-based particle swarm optimization with velocity clamping (OVCPSO)},
    author={Shahzad, Farrukh and Baig, A Rauf and Masood, Sohail and Kamran, Muhammad and Naveed, Nawazish},
    booktitle={Advances in Computational Intelligence},
    pages={339--348},
    year={2009},
    publisher={Springer}
}

@inproceedings{algo:ccpso,
  title={A new particle swarm optimizer with cooperative coevolution for large scale optimization},
  author={Aote, Shailendra S and Raghuwanshi, Mukesh M and Malik, Latesh G},
  booktitle={Proceedings of the 3rd International Conference on Frontiers of Intelligent Computing: Theory and Applications (FICTA) 2014: Volume 1},
  pages={781--789},
  year={2015},
  organization={Springer}
}

@article{stat:art:demsar,
    title={Statistical comparisons of classifiers over multiple data sets},
    author={Dem{\v{s}}ar, Janez},
    journal={Journal of Machine learning research},
    volume={7},
    number={Jan},
    pages={1--30},
    year={2006}
}

@article{stat:art:derrac,
    title={A practical tutorial on the use of nonparametric statistical tests as a methodology for comparing evolutionary and swarm intelligence algorithms},
    author={Derrac, Joaqu{\'\i}n and Garc{\'\i}a, Salvador and Molina, Daniel and Herrera, Francisco},
    journal={Swarm and Evolutionary Computation},
    volume={1},
    number={1},
    pages={3--18},
    year={2011},
    publisher={Elsevier}
}

@article{stat:met:Friedman,
	ISSN = {01621459},
	URL = {http://www.jstor.org/stable/2279372},
	author = {Milton Friedman},
	journal = {Journal of the American Statistical Association},
	number = {200},
	pages = {675--701},
	publisher = {[American Statistical Association, Taylor & Francis, Ltd.]},
	title = {The Use of Ranks to Avoid the Assumption of Normality Implicit in the Analysis of Variance},
	volume = {32},
	year = {1937}
}

@article{stat:met:Nemenyi,
	title={Distribution-free multiple comparisons (Doctoral Dissertation, Princeton University, 1963)},
	author={Nemenyi, PB},
	journal={Dissertation Abstracts International},
	volume={25},
	number={2},
	pages={1233},
	year={1963}
},

@incollection{stat:met:Wilcoxon,
	title={Individual comparisons by ranking methods},
	author={Wilcoxon, Frank},
	booktitle={Breakthroughs in statistics},
	pages={196--202},
	year={1992},
	publisher={Springer}
}

@article{NiaPy,
	author  = {Vrban{\v{c}}i{\v{c}}, Grega and Brezo{\v{c}}nik, Lucija
	and Mlakar, Uro{\v{s}} and Fister, Du{\v{s}}an and {Fister Jr.}, Iztok},
	title   = {{NiaPy: Python microframework for building nature-inspired algorithms}},
	journal = {{Journal of Open Source Software}},
	year    = {2018},
	volume  = {3},
	issue   = {23},
	issn    = {2475-9066},
	doi     = {10.21105/joss.00613},
	url     = {https://doi.org/10.21105/joss.00613}
}

@misc{scipy,
	author = {Eric Jones and Travis Oliphant and Pearu Peterson and others},
	title = {{SciPy}: Open source scientific tools for {Python}},
	year = {2001},
	url = {http://www.scipy.org/},
	note = {[Online; accessed <today>]}
}

@article{scikit-learn,
	title={Scikit-learn: Machine Learning in {P}ython},
	author={Pedregosa, F. and Varoquaux, G. and Gramfort, A. and Michel, V. and Thirion, B. and Grisel, O. and Blondel, M. and Prettenhofer, P. and Weiss, R. and Dubourg, V. and Vanderplas, J. and Passos, A. and Cournapeau, D. and Brucher, M. and Perrot, M. and Duchesnay, E.},
	journal={Journal of Machine Learning Research},
	volume={12},
	pages={2825--2830},
	year={2011}
}